@inproceedings{DTT10,
  author       = {Anindya De and
                  Luca Trevisan and
                  Madhur Tulsiani},
  title        = {Time Space Tradeoffs for Attacks against One-Way Functions and PRGs},
  booktitle    = {Advances in Cryptology - {CRYPTO} 2010, 30th Annual Cryptology Conference,
                  Santa Barbara, CA, USA, August 15-19, 2010. Proceedings},
  series       = {Lecture Notes in Computer Science},
  volume       = {6223},
  pages        = {649--665},
  publisher    = {Springer},
  year         = {2010},
}

@inproceedings{yao,
author = {Yao, A. C.-C.},
title = {Coherent functions and program checkers},
year = {1990},
isbn = {0897913612},
publisher = {Association for Computing Machinery},
address = {New York, NY, USA},
url = {https://doi.org/10.1145/100216.100226},
doi = {10.1145/100216.100226},
booktitle = {Proceedings of the Twenty-Second Annual ACM Symposium on Theory of Computing},
pages = {84â€“94},
numpages = {11},
location = {Baltimore, Maryland, USA},
series = {STOC '90}
}
@InProceedings{CK20,
author="Corrigan-Gibbs, Henry
and Kogan, Dmitry",
title="Private Information Retrieval with Sublinear Online Time",
booktitle="Advances in Cryptology -- EUROCRYPT 2020",
year="2020",
publisher="Springer International Publishing",
address="Cham",
pages="44--75",
isbn="978-3-030-45721-1"
}

@misc{piano,
      author = {Mingxun Zhou and Andrew Park and Elaine Shi and Wenting Zheng},
      title = {Piano: Extremely Simple, Single-Server PIR with Sublinear Server Computation},
      howpublished = {Cryptology ePrint Archive, Paper 2023/452},
      year = {2023},
      note = {\url{https://eprint.iacr.org/2023/452}},
      url = {https://eprint.iacr.org/2023/452}
}

