@article{otm,
author = {Pippenger, Nicholas and Fischer, Michael J.},
title = {Relations Among Complexity Measures},
year = {1979},
issue_date = {April 1979},
publisher = {Association for Computing Machinery},
address = {New York, NY, USA},
volume = {26},
number = {2},
issn = {0004-5411},
url = {https://doi.org/10.1145/322123.322138},
doi = {10.1145/322123.322138},
journal = {J. ACM},
month = {apr},
pages = {361â€“381},
numpages = {21}
}

@inproceedings{shi-opq,
  author       = {Elaine Shi},
  title        = {Path Oblivious Heap: Optimal and Practical Oblivious Priority Queue},
  booktitle    = {2020 {IEEE} Symposium on Security and Privacy, {SP} 2020, San Francisco,
                  CA, USA, May 18-21, 2020},
  pages        = {842--858},
  publisher    = {{IEEE}},
  year         = {2020},
}

@inproceedings{circuitoram,
  author       = {Xiao Wang and
                  T.{-}H. Hubert Chan and
                  Elaine Shi},
  title        = {Circuit {ORAM:} On Tightness of the Goldreich-Ostrovsky Lower Bound},
  booktitle    = {Proceedings of the 22nd {ACM} {SIGSAC} Conference on Computer and
                  Communications Security, Denver, CO, USA, October 12-16, 2015},
  pages        = {850--861},
  publisher    = {{ACM}},
  year         = {2015},
}

@article{optorama,
  author       = {Gilad Asharov and
                  Ilan Komargodski and
                  Wei{-}Kai Lin and
                  Kartik Nayak and
                  Enoch Peserico and
                  Elaine Shi},
  title        = {OptORAMa: Optimal Oblivious {RAM}},
  journal      = {J. {ACM}},
  volume       = {70},
  number       = {1},
  pages        = {4:1--4:70},
  year         = {2023},
}

@inproceedings{gentryods,
  author       = {Craig Gentry and
                  Kenny A. Goldman and
                  Shai Halevi and
                  Charanjit S. Jutla and
                  Mariana Raykova and
                  Daniel Wichs},
  title        = {Optimizing {ORAM} and Using It Efficiently for Secure Computation},
  booktitle    = {Privacy Enhancing Technologies - 13th International Symposium, {PETS}
                  2013, Bloomington, IN, USA, July 10-12, 2013. Proceedings},
  series       = {Lecture Notes in Computer Science},
  volume       = {7981},
  pages        = {1--18},
  publisher    = {Springer},
  year         = {2013},
}

@article{stefanov2018path,
  title={Path ORAM: an extremely simple oblivious RAM protocol},
  author={Stefanov, Emil and Dijk, Marten van and Shi, Elaine and Chan, T-H Hubert and Fletcher, Christopher and Ren, Ling and Yu, Xiangyao and Devadas, Srinivas},
  journal={Journal of the ACM (JACM)},
  volume={65},
  number={4},
  pages={1--26},
  year={2018},
  publisher={ACM New York, NY, USA}
}

@inproceedings{toft2011secure,
  title={Secure data structures based on multi-party computation},
  author={Toft, Tomas},
  booktitle={Proceedings of the 30th annual ACM SIGACT-SIGOPS symposium on Principles of distributed computing},
  pages={291--292},
  year={2011}
}
@inproceedings{zahur2016revisiting,
  title={Revisiting square-root ORAM: efficient random access in multi-party computation},
  author={Zahur, Samee and Wang, Xiao and Raykova, Mariana and Gasc{\'o}n, Adri{\`a} and Doerner, Jack and Evans, David and Katz, Jonathan},
  booktitle={2016 IEEE Symposium on Security and Privacy (SP)},
  pages={218--234},
  year={2016},
  organization={IEEE}
}
@inproceedings{asharov2023futorama,
  title={FutORAMa: A Concretely Efficient Hierarchical Oblivious RAM},
  author={Asharov, Gilad and Komargodski, Ilan and Michelson, Yehuda},
  booktitle={Proceedings of the 2023 ACM SIGSAC Conference on Computer and Communications Security},
  pages={3313--3327},
  year={2023}
}

@inproceedings{larsen2018yes,
  title={Yes, there is an oblivious RAM lower bound!},
  author={Larsen, Kasper Green and Nielsen, Jesper Buus},
  booktitle={Annual International Cryptology Conference},
  pages={523--542},
  year={2018},
  organization={Springer}
}

@inproceedings{gentry2013optimizing,
  title={Optimizing ORAM and using it efficiently for secure computation},
  author={Gentry, Craig and Goldman, Kenny A and Halevi, Shai and Julta, Charanjit and Raykova, Mariana and Wichs, Daniel},
  booktitle={Privacy Enhancing Technologies: 13th International Symposium, PETS 2013, Bloomington, IN, USA, July 10-12, 2013. Proceedings 13},
  pages={1--18},
  year={2013},
  organization={Springer}
}

@inproceedings{wang2014oblivious,
  title={Oblivious data structures},
  author={Wang, Xiao Shaun and Nayak, Kartik and Liu, Chang and Chan, TH Hubert and Shi, Elaine and Stefanov, Emil and Huang, Yan},
  booktitle={Proceedings of the 2014 ACM SIGSAC Conference on Computer and Communications Security},
  pages={215--226},
  year={2014}
}

@article{pippenger1979relations,
  title={Relations among complexity measures},
  author={Pippenger, Nicholas and Fischer, Michael J},
  journal={Journal of the ACM (JACM)},
  volume={26},
  number={2},
  pages={361--381},
  year={1979},
  publisher={ACM New York, NY, USA}
}
