@misc{epigram,
      author = {David Heath and Vladimir Kolesnikov and Rafail Ostrovsky},
      title = {Practical Garbled RAM: GRAM with $O(\log^2 n)$ Overhead},
      howpublished = {Cryptology ePrint Archive, Paper 2021/1519},
      year = {2021},
      note = {\url{https://eprint.iacr.org/2021/1519}},
      url = {https://eprint.iacr.org/2021/1519}
}


@misc{Goyal, note = {\url{https://www.cs.cmu.edu/~goyal/15356/lecture_notes.pdf}}, url={https://www.cs.cmu.edu/~goyal/15356/lecture_notes.pdf}, title={Lecture Notes on Introduction to Cryptography}, author={Vipul Goyal}, year= {2020} pages={101–103}} 

@article{OTM,
author = {Pippenger, Nicholas and Fischer, Michael J.},
title = {Relations Among Complexity Measures},
year = {1979},
issue_date = {April 1979},
publisher = {Association for Computing Machinery},
address = {New York, NY, USA},
volume = {26},
number = {2},
issn = {0004-5411},
url = {https://doi.org/10.1145/322123.322138},
doi = {10.1145/322123.322138},
journal = {J. ACM},
month = {apr},
pages = {361–381},
numpages = {21}
}



@INPROCEEDINGS{yao,
  author={Yao, Andrew Chi-Chih},
  booktitle={27th Annual Symposium on Foundations of Computer Science (sfcs 1986)}, 
  title={How to generate and exchange secrets}, 
  year={1986},
  volume={},
  number={},
  pages={162-167},
  keywords={Polynomials;Probability distribution;Turing machines;Privacy;Knowledge transfer;History;Computer science;Cryptographic protocols;Cryptography;Circuits},
  doi={10.1109/SFCS.1986.25}}


@misc{nanogram,
      author = {Andrew Park and Wei-Kai Lin and Elaine Shi},
      title = {NanoGRAM: Garbled RAM with $\widetilde{O}(\log N)$ Overhead},
      howpublished = {Cryptology ePrint Archive, Paper 2022/191},
      year = {2022},
      note = {\url{https://eprint.iacr.org/2022/191}},
      url = {https://eprint.iacr.org/2022/191}
}


@misc{Rosulek_2018, title={Secure Computation \& Yao’s Protocol}, howpublished={Oregon State University}, author={Rosulek, Mike}, year={2018},note = {\url{https://web.engr.oregonstate.edu/~rosulekm/cryptabit/1-overview.pdf}}, url = {https://web.engr.oregonstate.edu/~rosulekm/cryptabit/1-overview.pdf}} 