@misc{DLN19,
      author = {Ivan Damgård and Kasper Green Larsen and Jesper Buus Nielsen},
      title = {Communication Lower Bounds for Statistically Secure MPC, with or without Preprocessing},
      howpublished = {Cryptology ePrint Archive, Paper 2019/220},
      year = {2019},
      note = {\url{https://eprint.iacr.org/2019/220}},
      url = {https://eprint.iacr.org/2019/220}
}

@inproceedings{CMO00,
  title={Single Database Private Information Retrieval Implies Oblivious Transfer},
  author={Giovanni Di Crescenzo and Tal Malkin and Rafail M. Ostrovsky},
  booktitle={International Conference on the Theory and Application of Cryptographic Techniques},
  year={2000},
  url={https://api.semanticscholar.org/CorpusID:458855}
}

@inproceedings{IR89,
author = {Impagliazzo, R. and Rudich, S.},
title = {Limits on the provable consequences of one-way permutations},
year = {1989},
isbn = {0897913078},
publisher = {Association for Computing Machinery},
address = {New York, NY, USA},
url = {https://doi.org/10.1145/73007.73012},
doi = {10.1145/73007.73012},
booktitle = {Proceedings of the Twenty-First Annual ACM Symposium on Theory of Computing},
pages = {44–61},
numpages = {18},
location = {Seattle, Washington, USA},
series = {STOC '89}
}

@inproceedings{Kilian88,
author = {Kilian, Joe},
title = {Founding crytpography on oblivious transfer},
year = {1988},
isbn = {0897912640},
publisher = {Association for Computing Machinery},
address = {New York, NY, USA},
url = {https://doi.org/10.1145/62212.62215},
doi = {10.1145/62212.62215},
booktitle = {Proceedings of the Twentieth Annual ACM Symposium on Theory of Computing},
pages = {20–31},
numpages = {12},
location = {Chicago, Illinois, USA},
series = {STOC '88}
}

@inproceedings{Ishai2013OnTP,
  title={On the Power of Correlated Randomness in Secure Computation},
  author={Yuval Ishai and Eyal Kushilevitz and Sigurd Meldgaard and Claudio Orlandi and Anat Paskin-Cherniavsky},
  booktitle={Theory of Cryptography Conference},
  year={2013},
  url={https://api.semanticscholar.org/CorpusID:687414}
}

@article{94650e30cc8d11df8cb9000ea68e967b,
title = "Statistical secrecy and multibit commitments",
author = "Damg{\aa}rd, {Ivan Bjerre} and Pedersen, {Torben P.} and Birgit Pfitzmann",
year = "1998",
doi = "10.1109/18.669255",
language = "English",
volume = "44",
pages = "1143--1151",
journal = "I E E E Transactions on Information Theory",
issn = "0018-9448",
publisher = "Institute of Electrical and Electronics Engineers",
number = "3",
}

@ARTICLE{669255,
  author={Damgard, I.B. and Pedersen, T.P. and Pfitzmann, B.},
  journal={IEEE Transactions on Information Theory}, 
  title={Statistical secrecy and multibit commitments}, 
  year={1998},
  volume={44},
  number={3},
  pages={1143-1151},
  keywords={Protocols;Cryptography;Probability distribution;Computer science;Information theory;Complexity theory;Security},
  doi={10.1109/18.669255}}