@inproceedings{sublinearpir,
  author    = {Henry Corrigan{-}Gibbs and
               Dmitry Kogan},
  title     = {Private Information Retrieval with Sublinear Online Time},
  booktitle = {EUROCRYPT},
  year = 2020
}

@inproceedings{beimel2000reducing,
  title={Reducing the servers computation in private information retrieval: PIR with preprocessing},
  author={Beimel, Amos and Ishai, Yuval and Malkin, Tal},
  booktitle={Advances in Cryptologyâ€”CRYPTO 2000: 20th Annual International Cryptology Conference Santa Barbara, California, USA, August 20--24, 2000 Proceedings 20},
  pages={55--73},
  year={2000},
  organization={Springer}
}
@inproceedings{lin2023doubly,
  title={Doubly efficient private information retrieval and fully homomorphic RAM computation from ring LWE},
  author={Lin, Wei-Kai and Mook, Ethan and Wichs, Daniel},
  booktitle={Proceedings of the 55th Annual ACM Symposium on Theory of Computing},
  pages={595--608},
  year={2023}
}
@article{zhou2023piano,
  title={Piano: Extremely Simple, Single-Server PIR with Sublinear Server Computation},
  author={Zhou, Mingxun and Park, Andrew and Shi, Elaine and Zheng, Wenting},
  journal={Cryptology ePrint Archive},
  year={2023}
}
